<record><leader>00000cas a2200000 a 4500</leader><controlfield tag="001">12990348</controlfield><controlfield tag="008">860108d18611869ksuwr ne      0    0eng c</controlfield><datafield ind1=" " ind2=" " tag="010"><subfield code="a">sn 85032366 </subfield></datafield><datafield ind1=" " ind2=" " tag="040"><subfield code="a">KSH</subfield><subfield code="b">eng</subfield><subfield code="c">KSH</subfield><subfield code="d">NPT</subfield><subfield code="d">OCL</subfield><subfield code="d">CUI</subfield><subfield code="d">OCLCQ</subfield><subfield code="d">OCLCF</subfield></datafield><datafield ind1="1" ind2=" " tag="029"><subfield code="a">AU@</subfield><subfield code="b">000022165543</subfield></datafield><datafield ind1=" " ind2=" " tag="042"><subfield code="a">pcc</subfield></datafield><datafield ind1=" " ind2=" " tag="043"><subfield code="a">n-us-ks</subfield></datafield><datafield ind1=" " ind2="4" tag="050"><subfield code="a">AN</subfield></datafield><datafield ind1="0" ind2="0" tag="245"><subfield code="a">Wyandotte commercial gazette.</subfield></datafield><datafield ind1="3" ind2=" " tag="246"><subfield code="a">Wyandotte gazette</subfield></datafield><datafield ind1=" " ind2=" " tag="260"><subfield code="a">Wyandotte, Kan. :</subfield><subfield code="b">R.B. Taylor,</subfield><subfield code="c">1861-1869.</subfield></datafield><datafield ind1=" " ind2=" " tag="300"><subfield code="a">8 v. ;</subfield><subfield code="c">61 cm.</subfield></datafield><datafield ind1=" " ind2=" " tag="310"><subfield code="a">Weekly</subfield></datafield><datafield ind1="0" ind2=" " tag="362"><subfield code="a">Vol. 2, no. 24 (Mar. 23, 1861)-v. 10, no. 52 (Oct. 2, 1869).</subfield></datafield><datafield ind1=" " ind2=" " tag="500"><subfield code="a">'Commercial' is superimposed over logo on masthead.</subfield></datafield><datafield ind1=" " ind2="0" tag="651"><subfield code="a">Wyandotte (Kan.)</subfield><subfield code="v">Newspapers.</subfield></datafield><datafield ind1=" " ind2="0" tag="651"><subfield code="a">Wyandotte County (Kan.)</subfield><subfield code="v">Newspapers.</subfield></datafield><datafield ind1=" " ind2="7" tag="655"><subfield code="a">Newspapers.</subfield><subfield code="2">fast</subfield><subfield code="0">(OCoLC)fst01423814</subfield></datafield><datafield ind1=" " ind2="7" tag="651"><subfield code="a">Kansas</subfield><subfield code="z">Wyandotte.</subfield><subfield code="2">fast</subfield><subfield code="0">(OCoLC)fst01287244</subfield></datafield><datafield ind1=" " ind2="7" tag="651"><subfield code="a">Kansas</subfield><subfield code="z">Wyandotte County.</subfield><subfield code="2">fast</subfield><subfield code="0">(OCoLC)fst01212996</subfield></datafield><datafield ind1=" " ind2=" " tag="752"><subfield code="a">United States</subfield><subfield code="b">Kansas</subfield><subfield code="c">Wyandotte</subfield><subfield code="d">Wyandotte.</subfield></datafield><datafield ind1="0" ind2="8" tag="776"><subfield code="i">Online version:</subfield><subfield code="t">Wyandotte commercial gazette</subfield><subfield code="w">(OCoLC)192107590</subfield></datafield><datafield ind1="0" ind2="0" tag="780"><subfield code="t">Commercial gazette (Wyandotte, Kan.)</subfield><subfield code="w">(DLC)sn 85032371</subfield><subfield code="w">(OCoLC)12990326</subfield></datafield><datafield ind1="0" ind2="0" tag="785"><subfield code="t">Wyandotte gazette</subfield><subfield code="w">(DLC)sn 85032358</subfield><subfield code="w">(OCoLC)12990358</subfield></datafield></record>